<?xml version="1.0" encoding="UTF-8"?><record xmlns="http://www.loc.gov/MARC21/slim" xmlns:cinclude="http://apache.org/cocoon/include/1.0" xmlns:zs="http://www.loc.gov/zing/srw/">
  <leader>00447nz  a2200133n  4500</leader>
  <controlfield tag="001">no 97047579 </controlfield>
  <controlfield tag="003">DLC</controlfield>
  <controlfield tag="005">19970814051842.6</controlfield>
  <controlfield tag="008">970813n| acannaab|          |n aaa     c</controlfield>
  <datafield tag="010" ind1=" " ind2=" ">
    <subfield code="a">no 97047579 </subfield>
  </datafield>
  <datafield tag="035" ind1=" " ind2=" ">
    <subfield code="a">(OCoLC)oca04406264 </subfield>
  </datafield>
  <datafield tag="040" ind1=" " ind2=" ">
    <subfield code="a">MoSU-L</subfield>
    <subfield code="c">MoSU-L</subfield>
  </datafield>
  <datafield tag="100" ind1="1" ind2="0">
    <subfield code="a">Ylagan, Pedro Y.</subfield>
  </datafield>
  <datafield tag="670" ind1=" " ind2=" ">
    <subfield code="a">Negotiorum gestio and solutio indebiti under the Roman, Spanish-Philippine, and Anglo-American laws, 1927:</subfield>
    <subfield code="b">t.p. (Pedro Y. Ylagan, B.A.; LL. B.; J.S.D.)</subfield>
  </datafield>
</record>